<record><leader>00000cas a22000007a 4500</leader><controlfield tag="001">27051368</controlfield><controlfield tag="008">921202d19491952nyuwr ne      0    0eng d</controlfield><datafield ind1=" " ind2=" " tag="010"><subfield code="a">sn 92062242 </subfield></datafield><datafield ind1=" " ind2=" " tag="040"><subfield code="a">NYS</subfield><subfield code="b">eng</subfield><subfield code="c">NYS</subfield><subfield code="d">OCLCQ</subfield></datafield><datafield ind1=" " ind2=" " tag="042"><subfield code="a">msc</subfield></datafield><datafield ind1="0" ind2="0" tag="245"><subfield code="a">East Syracuse Star.</subfield></datafield><datafield ind1=" " ind2=" " tag="260"><subfield code="a">East Syracuse, N.Y. :</subfield><subfield code="b">A.M. Halstead</subfield></datafield><datafield ind1=" " ind2=" " tag="300"><subfield code="a">v.</subfield></datafield><datafield ind1=" " ind2=" " tag="310"><subfield code="a">Weekly</subfield></datafield><datafield ind1="1" ind2=" " tag="362"><subfield code="a">Began in 1949.</subfield></datafield><datafield ind1="0" ind2=" " tag="362"><subfield code="a">-v. 9, no. 10 (May 1, 1952).</subfield></datafield><datafield ind1=" " ind2=" " tag="588"><subfield code="a">Description based on: Vol. 1, no. 34 (Oct. 13, 1949).</subfield></datafield><datafield ind1=" " ind2="4" tag="651"><subfield code="a">East Syracuse (N.Y.)</subfield><subfield code="v">Newspapers.</subfield></datafield><datafield ind1=" " ind2="4" tag="651"><subfield code="a">Eastwood (N.Y.)</subfield><subfield code="v">Newspapers.</subfield></datafield><datafield ind1=" " ind2="4" tag="651"><subfield code="a">DeWitt (N.Y.)</subfield><subfield code="v">Newspapers.</subfield></datafield><datafield ind1=" " ind2="4" tag="651"><subfield code="a">Mattydale (N.Y.)</subfield><subfield code="v">Newspapers.</subfield></datafield><datafield ind1=" " ind2=" " tag="752"><subfield code="a">United States</subfield><subfield code="b">New York</subfield><subfield code="c">Onondaga</subfield><subfield code="d">East Syracuse.</subfield></datafield><datafield ind1="0" ind2="7" tag="785"><subfield code="t">East Syracuse star, Dewitt dial</subfield><subfield code="w">(DLC)sn 92062243</subfield></datafield><datafield ind1="0" ind2="7" tag="785"><subfield code="t">Dewitt-East Syracuse town news</subfield><subfield code="w">(DLC)sn 92062244</subfield></datafield></record>